<record><leader>00000cas a2200000 a 4500</leader><controlfield tag="001">33852242</controlfield><controlfield tag="007">hd bfu---baat</controlfield><controlfield tag="007">hd afu---bact</controlfield><controlfield tag="008">951205d19421969nbuwr nea     0    0eng d</controlfield><datafield ind1=" " ind2=" " tag="010"><subfield code="a">sn 95073343 </subfield></datafield><datafield ind1=" " ind2=" " tag="040"><subfield code="a">NVG</subfield><subfield code="b">eng</subfield><subfield code="c">NVG</subfield><subfield code="d">OCL</subfield><subfield code="d">OCLCQ</subfield><subfield code="d">OCLCF</subfield><subfield code="d">OCLCO</subfield><subfield code="d">OCLCQ</subfield></datafield><datafield ind1=" " ind2=" " tag="042"><subfield code="a">msc</subfield></datafield><datafield ind1=" " ind2=" " tag="043"><subfield code="a">n-us-nb</subfield></datafield><datafield ind1="0" ind2="4" tag="245"><subfield code="a">The Dakota County star.</subfield></datafield><datafield ind1=" " ind2=" " tag="260"><subfield code="a">South Sioux City, Dakota County, Neb. :</subfield><subfield code="b">Mrs. H.N. Wagner,</subfield><subfield code="c">1942-1969.</subfield></datafield><datafield ind1=" " ind2=" " tag="300"><subfield code="a">27 volumes</subfield></datafield><datafield ind1=" " ind2=" " tag="310"><subfield code="a">Weekly</subfield></datafield><datafield ind1=" " ind2=" " tag="336"><subfield code="a">text</subfield><subfield code="b">txt</subfield><subfield code="2">rdacontent</subfield></datafield><datafield ind1=" " ind2=" " tag="337"><subfield code="a">microform</subfield><subfield code="b">h</subfield><subfield code="2">rdamedia</subfield></datafield><datafield ind1=" " ind2=" " tag="338"><subfield code="a">microfilm reel</subfield><subfield code="b">hd</subfield><subfield code="2">rdacarrier</subfield></datafield><datafield ind1="0" ind2=" " tag="362"><subfield code="a">Vol. 33, no. 5 (July 2, 1942)-v. 59, no. 52 (Apr. 17, 1969).</subfield></datafield><datafield ind1=" " ind2=" " tag="533"><subfield code="a">Microfilm.</subfield><subfield code="m">1942-1969:[Gaps]</subfield><subfield code="b">[Lincoln, Neb. :</subfield><subfield code="c">Nebraska State Historical Society,</subfield><subfield code="d">1974?-1976?].</subfield><subfield code="e">17 microfilm reels ; 35 mm.</subfield></datafield><datafield ind1=" " ind2="0" tag="651"><subfield code="a">South Sioux City (Neb.)</subfield><subfield code="v">Newspapers.</subfield></datafield><datafield ind1=" " ind2="0" tag="651"><subfield code="a">Dakota County (Neb.)</subfield><subfield code="v">Newspapers.</subfield></datafield><datafield ind1=" " ind2="7" tag="651"><subfield code="a">Nebraska</subfield><subfield code="z">Dakota County.</subfield><subfield code="2">fast</subfield><subfield code="0">(OCoLC)fst01211920</subfield></datafield><datafield ind1=" " ind2="7" tag="651"><subfield code="a">Nebraska</subfield><subfield code="z">South Sioux City.</subfield><subfield code="2">fast</subfield><subfield code="0">(OCoLC)fst01221276</subfield></datafield><datafield ind1=" " ind2="7" tag="655"><subfield code="a">Newspapers.</subfield><subfield code="2">fast</subfield><subfield code="0">(OCoLC)fst01423814</subfield></datafield><datafield ind1=" " ind2=" " tag="752"><subfield code="a">United States</subfield><subfield code="b">Nebraska</subfield><subfield code="c">Dakota</subfield><subfield code="d">South Sioux City.</subfield></datafield><datafield ind1="0" ind2="0" tag="780"><subfield code="t">Homer star</subfield><subfield code="w">(DLC)sn 95073342</subfield></datafield><datafield ind1="0" ind2="0" tag="785"><subfield code="t">South Sioux City star</subfield><subfield code="w">(DLC)sn 95073345</subfield></datafield><datafield ind1="1" ind2=" " tag="029"><subfield code="a">AU@</subfield><subfield code="b">000012176506</subfield></datafield></record>